@article{DBLP:journals/corr/abs-1808-06752,
  author    = {Alexey Romanov and
               Chaitanya Shivade},
  title     = {Lessons from Natural Language Inference in the Clinical Domain},
  journal   = {CoRR},
  volume    = {abs/1808.06752},
  year      = {2018},
  url       = {http://arxiv.org/abs/1808.06752},
  eprinttype = {arXiv},
  eprint    = {1808.06752},
  timestamp = {Sun, 02 Sep 2018 15:01:57 +0200},
  biburl    = {https://dblp.org/rec/journals/corr/abs-1808-06752.bib},
  bibsource = {dblp computer science bibliography, https://dblp.org}
}

@article{DBLP:journals/corr/BowmanAPM15,
  author    = {Samuel R. Bowman and
               Gabor Angeli and
               Christopher Potts and
               Christopher D. Manning},
  title     = {A large annotated corpus for learning natural language inference},
  journal   = {CoRR},
  volume    = {abs/1508.05326},
  year      = {2015},
  url       = {http://arxiv.org/abs/1508.05326},
  eprinttype = {arXiv},
  eprint    = {1508.05326},
  timestamp = {Mon, 13 Aug 2018 16:46:27 +0200},
  biburl    = {https://dblp.org/rec/journals/corr/BowmanAPM15.bib},
  bibsource = {dblp computer science bibliography, https://dblp.org}
}